@article{Pitag13,
year={2013},
issn={0932-8092},
journal={Machine Vision and Applications},
volume={24},
number={6},
doi={10.1007/s00138-012-0469-6},
title={Pi-Tag: a fast image-space marker design based on projective invariants},
url={http://dx.doi.org/10.1007/s00138-012-0469-6},
publisher={Springer Berlin Heidelberg},
keywords={Fiducial markers; Projective invariants; Augmented reality; Pose estimation; Camera calibration},
author={Bergamasco, Filippo and Albarelli, Andrea and Torsello, Andrea},
pages={1295-1310},
language={English}
}

@inproceedings{concentric,
year={1991},
author = {Gatrell, L and Hoff, W and Sklair, C},
title = {Robust image features:Concentric contrasting circles and their image extraction},
booktitle ={Proc. of Cooperative Intelligent Robotics in Space,Washington,USA},
publisher = {SPIE}
}
@inproceedings{Fiala05,
 author = {Fiala, Mark},
 title = {ARTag, a Fiducial Marker System Using Digital Techniques},
 booktitle = {Proceedings of the 2005 IEEE Computer Society Conference on Computer Vision and Pattern Recognition},
 series = {CVPR '05},
 year = {2005},
 publisher = {IEEE Computer Society},
} 

@MISC{ARToolkit02,
title = {ARToolkit},
howpublished={\url{http://www.hitl.washington.edu/artoolkit}}
}

@inproceedings{Wu:2011,
 author = {Wu, Yi and Haibin Ling and Jingyi Yu and Feng Li and Xue Mei and Erkang Cheng},
 title = {Blurred Target Tracking by Blur-driven Tracker},
 booktitle = {Proceedings of the 2011 International Conference on Computer Vision},
 series = {ICCV '11},
 year = {2011},
 isbn = {978-1-4577-1101-5},
 pages = {1100--1107},
 numpages = {8},
 publisher = {IEEE Computer Society},
} 

@inproceedings{kato-artoolkit,
    author = "H. Kato and Mark Billinghurst",
    year = "1999",
    title = "Marker Tracking and HMD Calibration for a Video-based Augmented Reality Conferencing System",
    booktitle = "Proceedings of the 2nd International Workshop on Augmented Reality (IWAR 99)",
    month = oct,
    address = "San Francisco, USA"
}

@inproceedings{runetag11,
  author = {Bergamasco, Filippo and Albarelli, Andrea and Rodol√†, Emanuele and Torsello, Andrea},
  booktitle = {CVPR},
  pages = {113-120},
  publisher = {IEEE},
  title = {RUNE-Tag: A high accuracy fiducial marker with strong occlusion resilience.},
  url = {http://dblp.uni-trier.de/db/conf/cvpr/cvpr2011.html#BergamascoART11},
  year = 2011
}

@inproceedings{ClausF04,
  author = {Claus, David and Fitzgibbon, Andrew W.},
  booktitle = {ECCV (4)},
  pages = {469-480},
  publisher = {Springer},
  series = {Lecture Notes in Computer Science},
  title = {Reliable Fiducial Detection in Natural Scenes},
  url = {http://dblp.uni-trier.de/db/conf/eccv/eccv2004-4.html#ClausF04},
  volume = 3024,
  year = 2004
}

@inproceedings{NaimarkF02,
  author = {Naimark, Leonid and Foxlin, Eric},
  booktitle = {ISMAR},
  pages = {27-36},
  publisher = {IEEE Computer Society},
  title = {Circular Data Matrix Fiducial System and Robust Image Processing for a Wearable Vision-Inertial Self-Tracker.},
  url = {http://dblp.uni-trier.de/db/conf/ismar/ismar2002.html#NaimarkF02},
  year = 2002
}

@article{Cho:2001,
 author = {Cho, Youngkwan and Neumann, Ulrich},
 title = {Multiring Fiducial Systems for Scalable Fiducial-Tracking Augmented Reality},
 volume = {10},
 number = {6},
 month = dec,
 year = {2001},
 pages = {599--612},
 publisher = {MIT Press},
 address = {Cambridge, MA, USA},
}

@INPROCEEDINGS{Cho97fastcolor,
    author = {Youngkwan Cho and Jun Park and Ulrich Neumann},
    title = {Fast Color Fiducial Detection and Dynamic Workspace Extension in Video See-through Self-Tracking Augmented Reality},
    booktitle = {in Proceedings of the Fifth Pacific Conference on Computer Graphics and Applications},
    year = {1997},
    pages = {168--177}
}

@inproceedings{Zhang:2002,
 author = {Zhang, Xiang and Fronz, Stephan and Navab, Nassir},
 title = {Visual Marker Detection and Decoding in AR Systems: A Comparative Study},
 booktitle = {Proceedings of the 1st International Symposium on Mixed and Augmented Reality},
 series = {ISMAR '02},
 year = {2002},
 isbn = {0-7695-1781-1},
 pages = {97--},
 publisher = {IEEE Computer Society},
 address = {Washington, DC, USA},
}